%% This BibTeX bibliography file was created using BibDesk.
%% https://bibdesk.sourceforge.io/

%% Created for Lukas Wittmann at 2025-09-01 19:54:19 +0200 


%% Saved with string encoding Unicode (UTF-8) 



@misc{wittmann2025iso,
	author = {Lukas Wittmann},
	date-added = {2025-09-01 19:48:14 +0200},
	date-modified = {2025-09-01 19:54:12 +0200},
	howpublished = {\url{https://github.com/lukasjwittmann/iso_tns-public}},
	title = {Variational Ground States and Quasiparticle Excitations in Isometric Tensor Network States},
	year = {2025}}

@article{drescher2023dynamical,
	author = {Drescher, Markus and Vanderstraeten, Laurens and Moessner, Roderich and Pollmann, Frank},
	date-added = {2025-08-28 21:13:16 +0200},
	date-modified = {2025-08-29 16:45:28 +0200},
	journal = {Physical Review B},
	number = {22},
	pages = {L220401},
	publisher = {APS},
	title = {Dynamical signatures of symmetry-broken and liquid phases in an S= 1/2 Heisenberg antiferromagnet on the triangular lattice},
	volume = {108},
	year = {2023}}

@article{wu2023two,
	author = {Wu, Yantao and Anand, Sajant and Lin, Sheng-Hsuan and Pollmann, Frank and Zaletel, Michael P},
	date-added = {2025-08-27 16:30:00 +0200},
	date-modified = {2025-08-27 16:30:00 +0200},
	journal = {Physical Review B},
	number = {24},
	pages = {245118},
	publisher = {APS},
	title = {Two-dimensional isometric tensor networks on an infinite strip},
	volume = {107},
	year = {2023}}

@article{soejima2020isometric,
	author = {Soejima, Tomohiro and Siva, Karthik and Bultinck, Nick and Chatterjee, Shubhayu and Pollmann, Frank and Zaletel, Michael P},
	date-added = {2025-08-23 18:04:27 +0200},
	date-modified = {2025-08-23 18:04:27 +0200},
	journal = {Physical Review B},
	number = {8},
	pages = {085117},
	publisher = {APS},
	title = {Isometric tensor network representation of string-net liquids},
	volume = {101},
	year = {2020}}

@article{vanderstraeten2019simulating,
	author = {Vanderstraeten, Laurens and Haegeman, Jutho and Verstraete, Frank},
	date-added = {2025-08-23 14:32:08 +0200},
	date-modified = {2025-08-23 14:32:08 +0200},
	journal = {Physical Review B},
	number = {16},
	pages = {165121},
	publisher = {APS},
	title = {Simulating excitation spectra with projected entangled-pair states},
	volume = {99},
	year = {2019}}

@article{vanderstraeten2015excitations,
	author = {Vanderstraeten, Laurens and Mari{\"e}n, Micha{\"e}l and Verstraete, Frank and Haegeman, Jutho},
	date-added = {2025-08-23 14:31:29 +0200},
	date-modified = {2025-08-23 14:31:29 +0200},
	journal = {Physical Review B},
	number = {20},
	pages = {201111},
	publisher = {APS},
	title = {Excitations and the tangent space of projected entangled-pair states},
	volume = {92},
	year = {2015}}

@article{verstraete2004renormalization,
	author = {Verstraete, Frank and Cirac, J Ignacio},
	date-added = {2025-08-23 13:00:43 +0200},
	date-modified = {2025-08-23 13:00:43 +0200},
	journal = {arXiv preprint cond-mat/0407066},
	title = {Renormalization algorithms for quantum-many body systems in two and higher dimensions},
	year = {2004}}

@article{haegeman2016unifying,
	author = {Haegeman, Jutho and Lubich, Christian and Oseledets, Ivan and Vandereycken, Bart and Verstraete, Frank},
	date-added = {2025-08-23 11:01:14 +0200},
	date-modified = {2025-08-23 11:01:14 +0200},
	journal = {Physical Review B},
	number = {16},
	pages = {165116},
	publisher = {APS},
	title = {Unifying time evolution and optimization with matrix product states},
	volume = {94},
	year = {2016}}

@article{haegeman2011time,
	author = {Haegeman, Jutho and Cirac, J Ignacio and Osborne, Tobias J and Pi{\v{z}}orn, Iztok and Verschelde, Henri and Verstraete, Frank},
	date-added = {2025-08-23 11:00:11 +0200},
	date-modified = {2025-08-23 11:00:11 +0200},
	journal = {Physical review letters},
	number = {7},
	pages = {070601},
	publisher = {APS},
	title = {Time-dependent variational principle for quantum lattices},
	volume = {107},
	year = {2011}}

@article{verstraete2006matrix,
	author = {Verstraete, Frank and Cirac, J Ignacio},
	date-added = {2025-08-22 22:38:21 +0200},
	date-modified = {2025-08-22 22:38:21 +0200},
	journal = {Physical Review B---Condensed Matter and Materials Physics},
	number = {9},
	pages = {094423},
	publisher = {APS},
	title = {Matrix product states represent ground states faithfully},
	volume = {73},
	year = {2006}}

@article{white1992density,
	author = {White, Steven R},
	date-added = {2025-08-22 22:27:16 +0200},
	date-modified = {2025-08-22 22:27:16 +0200},
	journal = {Physical review letters},
	number = {19},
	pages = {2863},
	publisher = {APS},
	title = {Density matrix formulation for quantum renormalization groups},
	volume = {69},
	year = {1992}}

@inproceedings{sandvik2010computational,
	author = {Sandvik, Anders W},
	booktitle = {AIP Conference Proceedings},
	date-added = {2025-08-22 17:37:52 +0200},
	date-modified = {2025-08-22 17:37:52 +0200},
	number = {1},
	organization = {American Institute of Physics},
	pages = {135--338},
	title = {Computational studies of quantum spin systems},
	volume = {1297},
	year = {2010}}

@article{knolle2019field,
	author = {Knolle, Johannes and Moessner, Roderich},
	date-added = {2025-08-22 16:49:44 +0200},
	date-modified = {2025-08-22 16:49:44 +0200},
	journal = {Annual Review of Condensed Matter Physics},
	number = {1},
	pages = {451--472},
	publisher = {Annual Reviews},
	title = {A field guide to spin liquids},
	volume = {10},
	year = {2019}}

@article{sappler2025diagonal,
	author = {Sappler, Benjamin and Kawano, Masataka and Zaletel, Michael P and Pollmann, Frank},
	date-added = {2025-08-13 13:33:28 +0200},
	date-modified = {2025-08-13 13:33:28 +0200},
	journal = {arXiv preprint arXiv:2507.08080},
	title = {Diagonal Isometric Form for Tensor Product States in Two Dimensions},
	year = {2025}}

@article{vidal2004efficient,
	author = {Vidal, Guifr{\'e}},
	date-added = {2025-08-10 15:22:38 +0200},
	date-modified = {2025-08-10 15:22:38 +0200},
	journal = {Physical review letters},
	number = {4},
	pages = {040502},
	publisher = {APS},
	title = {Efficient simulation of one-dimensional quantum many-body systems},
	volume = {93},
	year = {2004}}

@misc{sappler2024diagonal,
	author = {Benjamin Sappler},
	date-added = {2025-06-21 22:04:30 +0200},
	date-modified = {2025-06-21 22:17:40 +0200},
	howpublished = {\url{https://github.com/SnackerBit/YB-isoTPS}},
	title = {Development of a Diagonal Isometric Tensor Network Algorithm},
	year = {2024}}

@article{zaletel2020isometric,
	author = {Zaletel, Michael P and Pollmann, Frank},
	date-added = {2025-06-21 22:02:11 +0200},
	date-modified = {2025-06-21 22:02:11 +0200},
	journal = {Physical review letters},
	number = {3},
	pages = {037201},
	publisher = {APS},
	title = {Isometric tensor network states in two dimensions},
	volume = {124},
	year = {2020}}

@article{schollwock2011density,
	author = {Schollw{\"o}ck, Ulrich},
	date-added = {2025-06-16 14:29:27 +0200},
	date-modified = {2025-06-16 14:29:27 +0200},
	journal = {Annals of physics},
	number = {1},
	pages = {96--192},
	publisher = {Elsevier},
	title = {The density-matrix renormalization group in the age of matrix product states},
	volume = {326},
	year = {2011}}

@article{motruk2016density,
	author = {Motruk, Johannes and Zaletel, Michael P and Mong, Roger SK and Pollmann, Frank},
	date-added = {2025-06-15 21:13:48 +0200},
	date-modified = {2025-06-15 21:13:48 +0200},
	journal = {Physical Review B},
	number = {15},
	pages = {155139},
	publisher = {APS},
	title = {Density matrix renormalization group on a cylinder in mixed real and momentum space},
	volume = {93},
	year = {2016}}

@article{haegeman2012variational,
	author = {Haegeman, Jutho and Pirvu, Bogdan and Weir, David J and Cirac, J Ignacio and Osborne, Tobias J and Verschelde, Henri and Verstraete, Frank},
	date-added = {2025-06-13 22:56:55 +0200},
	date-modified = {2025-06-13 22:56:55 +0200},
	journal = {Physical Review B---Condensed Matter and Materials Physics},
	number = {10},
	pages = {100408},
	publisher = {APS},
	title = {Variational matrix product ansatz for dispersion relations},
	volume = {85},
	year = {2012}}

@article{pollmann2009theory,
	author = {Pollmann, Frank and Mukerjee, Subroto and Turner, Ari M and Moore, Joel E},
	date-added = {2025-06-07 14:24:36 +0200},
	date-modified = {2025-06-07 14:24:36 +0200},
	journal = {Physical review letters},
	number = {25},
	pages = {255701},
	publisher = {APS},
	title = {Theory of finite-entanglement scaling at one-dimensional quantum critical points},
	volume = {102},
	year = {2009}}

@book{tasaki2020physics,
	author = {Tasaki, Hal},
	date-added = {2025-06-02 18:46:20 +0200},
	date-modified = {2025-06-02 18:46:20 +0200},
	publisher = {Springer},
	title = {Physics and mathematics of quantum many-body systems},
	volume = {66},
	year = {2020}}

@article{cirac2017matrix,
	author = {Cirac, J Ignacio and Perez-Garcia, David and Schuch, Norbert and Verstraete, Frank},
	date-added = {2025-06-02 18:30:36 +0200},
	date-modified = {2025-06-02 18:30:36 +0200},
	journal = {Annals of Physics},
	pages = {100--149},
	publisher = {Elsevier},
	title = {Matrix product density operators: Renormalization fixed points and boundary theories},
	volume = {378},
	year = {2017}}

@article{schuch2010peps,
	author = {Schuch, Norbert and Cirac, Ignacio and P{\'e}rez-Garc{\'\i}a, David},
	date-added = {2025-06-01 22:55:48 +0200},
	date-modified = {2025-06-01 22:55:48 +0200},
	journal = {Annals of Physics},
	number = {10},
	pages = {2153--2192},
	publisher = {Elsevier},
	title = {PEPS as ground states: Degeneracy and topology},
	volume = {325},
	year = {2010}}

@article{cirac2021matrix,
	author = {Cirac, J Ignacio and Perez-Garcia, David and Schuch, Norbert and Verstraete, Frank},
	date-added = {2025-06-01 22:54:52 +0200},
	date-modified = {2025-06-01 22:54:52 +0200},
	journal = {Reviews of Modern Physics},
	number = {4},
	pages = {045003},
	publisher = {APS},
	title = {Matrix product states and projected entangled pair states: Concepts, symmetries, theorems},
	volume = {93},
	year = {2021}}

@article{fernandez2015frustration,
	author = {Fern{\'a}ndez-Gonz{\'a}lez, Carlos and Schuch, Norbert and Wolf, Michael M and Cirac, J Ignacio and Perez-Garcia, David},
	date-added = {2025-06-01 10:54:52 +0200},
	date-modified = {2025-06-01 10:54:52 +0200},
	journal = {Communications in Mathematical Physics},
	pages = {299--333},
	publisher = {Springer},
	title = {Frustration free gapless Hamiltonians for matrix product states},
	volume = {333},
	year = {2015}}

@misc{wolf2022information,
	author = {Michael M. Wolf},
	date-added = {2025-06-01 10:45:58 +0200},
	date-modified = {2025-06-01 10:45:58 +0200},
	howpublished = {Graue Literatur, \url{https://mediatum.ub.tum.de/node?id=1706981}},
	title = {Mathematical Introduction to Quantum Information Processing},
	year = {2022}}

@article{orus2014practical,
	author = {Or{\'u}s, Rom{\'a}n},
	date-added = {2025-05-30 10:39:04 +0200},
	date-modified = {2025-05-30 10:39:04 +0200},
	journal = {Annals of physics},
	pages = {117--158},
	publisher = {Elsevier},
	title = {A practical introduction to tensor networks: Matrix product states and projected entangled pair states},
	volume = {349},
	year = {2014}}

@article{arad2013area,
	author = {Arad, Itai and Kitaev, Alexei and Landau, Zeph and Vazirani, Umesh},
	date-added = {2025-05-23 12:06:59 +0200},
	date-modified = {2025-05-23 12:06:59 +0200},
	journal = {arXiv preprint arXiv:1301.1162},
	title = {An area law and sub-exponential algorithm for 1D systems},
	year = {2013}}

@article{hastings2007area,
	author = {Hastings, Matthew B},
	date-added = {2025-05-23 12:05:48 +0200},
	date-modified = {2025-05-23 12:05:48 +0200},
	journal = {Journal of statistical mechanics: theory and experiment},
	number = {08},
	pages = {P08024},
	publisher = {IOP Publishing},
	title = {An area law for one-dimensional quantum systems},
	volume = {2007},
	year = {2007}}

@article{page1993average,
	author = {Page, Don N},
	date-added = {2025-05-23 11:56:02 +0200},
	date-modified = {2025-05-23 11:56:02 +0200},
	journal = {Physical review letters},
	number = {9},
	pages = {1291},
	publisher = {APS},
	title = {Average entropy of a subsystem},
	volume = {71},
	year = {1993}}

@article{haegeman2013post,
	author = {Haegeman, Jutho and Osborne, Tobias J and Verstraete, Frank},
	date-added = {2025-05-19 22:53:13 +0200},
	date-modified = {2025-05-19 22:53:13 +0200},
	journal = {Physical Review B---Condensed Matter and Materials Physics},
	number = {7},
	pages = {075133},
	publisher = {APS},
	title = {Post-matrix product state methods: To tangent space and beyond},
	volume = {88},
	year = {2013}}

@article{haegeman2014geometry,
	author = {Haegeman, Jutho and Mari{\"e}n, Micha{\"e}l and Osborne, Tobias J and Verstraete, Frank},
	date-added = {2025-05-19 22:52:32 +0200},
	date-modified = {2025-05-19 22:52:32 +0200},
	journal = {Journal of Mathematical Physics},
	number = {2},
	publisher = {AIP Publishing},
	title = {Geometry of matrix product states: Metric, parallel transport, and curvature},
	volume = {55},
	year = {2014}}

@article{perez2007matrix,
	author = {Perez-Garcia, D and Verstraete, Frank and Wolf, MM and Cirac, JI},
	date-added = {2025-05-19 22:46:42 +0200},
	date-modified = {2025-05-19 22:46:42 +0200},
	journal = {QUANTUM INFORMATION \& COMPUTATION},
	number = {5-6},
	pages = {401--430},
	title = {Matrix product state representations},
	volume = {7},
	year = {2007}}

@misc{wolf2012channels,
	author = {Michael M. Wolf},
	date-added = {2025-05-19 22:46:10 +0200},
	date-modified = {2025-05-19 22:46:10 +0200},
	howpublished = {Graue Literatur, \url{https://mediatum.ub.tum.de/node?id=1701036}},
	title = {Quantum Channels and Operations - Guided Tour},
	year = {2012}}

@article{van2021efficient,
	author = {Van Damme, Maarten and Vanhove, Robijn and Haegeman, Jutho and Verstraete, Frank and Vanderstraeten, Laurens},
	date-added = {2025-05-17 16:01:16 +0200},
	date-modified = {2025-05-17 16:01:16 +0200},
	journal = {Physical Review B},
	number = {11},
	pages = {115142},
	publisher = {APS},
	title = {Efficient matrix product state methods for extracting spectral information on rings and cylinders},
	volume = {104},
	year = {2021}}

@article{lin2022efficient,
	author = {Lin, Sheng-Hsuan and Zaletel, Michael P and Pollmann, Frank},
	date-added = {2025-05-17 16:00:09 +0200},
	date-modified = {2025-05-17 16:00:09 +0200},
	journal = {Physical Review B},
	number = {24},
	pages = {245102},
	publisher = {APS},
	title = {Efficient simulation of dynamics in two-dimensional quantum spin systems with isometric tensor networks},
	volume = {106},
	year = {2022}}

@article{blote2002cluster,
	author = {Bl{\"o}te, Henk WJ and Deng, Youjin},
	date-added = {2025-05-11 13:05:16 +0200},
	date-modified = {2025-05-11 13:05:16 +0200},
	journal = {Physical Review E},
	number = {6},
	pages = {066110},
	publisher = {APS},
	title = {Cluster Monte Carlo simulation of the transverse Ising model},
	volume = {66},
	year = {2002}}

@book{horn2012matrix,
	author = {Horn, Roger A and Johnson, Charles R},
	date-added = {2025-04-16 20:45:48 +0200},
	date-modified = {2025-04-16 20:45:48 +0200},
	publisher = {Cambridge university press},
	title = {Matrix analysis},
	year = {2012}}

@book{sachdev2011quantum,
	author = {Sachdev, Subir},
	date-added = {2024-09-14 21:46:15 +0200},
	date-modified = {2024-09-14 21:46:49 +0200},
	edition = {2},
	place = {Cambridge},
	publisher = {Cambridge University Press},
	title = {Quantum Phase Transitions},
	year = {2011}}

@article{pfeuty1970one,
	author = {Pfeuty, Pierre},
	date-added = {2024-09-14 21:43:05 +0200},
	date-modified = {2024-09-14 21:43:05 +0200},
	journal = {ANNALS of Physics},
	number = {1},
	pages = {79--90},
	publisher = {Elsevier},
	title = {The one-dimensional Ising model with a transverse field},
	volume = {57},
	year = {1970}}

@article{vanderstraeten2019tangent,
	author = {Vanderstraeten, Laurens and Haegeman, Jutho and Verstraete, Frank},
	date-added = {2024-05-22 14:20:07 +0200},
	date-modified = {2024-05-22 14:20:07 +0200},
	journal = {SciPost Physics Lecture Notes},
	pages = {007},
	title = {Tangent-space methods for uniform matrix product states},
	year = {2019}}

@article{zauner2018variational,
	author = {Zauner-Stauber, Valentin and Vanderstraeten, Laurens and Fishman, Matthew T and Verstraete, Frank and Haegeman, Jutho},
	date-added = {2024-05-22 14:09:11 +0200},
	date-modified = {2024-05-22 14:09:11 +0200},
	journal = {Physical Review B},
	number = {4},
	pages = {045145},
	publisher = {APS},
	title = {Variational optimization algorithms for uniform matrix product states},
	volume = {97},
	year = {2018}}
